1816 2347
318 848 969 911 Emendationes
1013 848 1506 911 ovidianum.

281 1109 381 1148 Satis
404 1118 552 1153 constat,
582 1123 648 1145 non
671 1122 799 1155 paucos
820 1112 1136 1156 Metamorphoseon
1159 1112 1267 1145 Ovidii
1298 1111 1391 1144 locos
1411 1110 1622 1143 librariorum

196 1169 376 1201 insciorum
405 1170 440 1201 in
470 1168 564 1202 libris
588 1170 815 1202 describendis
844 1168 1049 1212 negligentia
1070 1175 1171 1212 atque
1193 1168 1482 1201 vehementissimo
1504 1173 1623 1209 poetae

194 1224 394 1268 explicandi,
418 1225 594 1268 supplendi
617 1232 651 1259 et
672 1226 869 1260 emendandi
891 1226 1001 1259 studio
1022 1227 1069 1258 ita
1091 1231 1267 1268 corruptos
1290 1235 1377 1264 esse,
1400 1231 1436 1257 ut
1458 1225 1520 1256 viri
1535 1223 1622 1255 docti

193 1283 236 1315 de
263 1283 467 1316 restituenda
495 1294 610 1316 eorum
643 1284 830 1327 integritate
860 1284 1048 1326 desperent.
1093 1283 1238 1315 Maxime
1264 1281 1441 1315 dolendum
1465 1287 1534 1321 est,
1565 1280 1619 1312 Ni—

192 1339 323 1373 colaum
346 1340 528 1380 Heinsium,
552 1341 608 1383 qui
631 1341 664 1373 in
688 1341 883 1374 adornanda
904 1340 1012 1374 altera
1031 1351 1093 1373 sua
1116 1339 1277 1373 librorum
1292 1340 1530 1372 Ovidianorum
1553 1338 1619 1370 edi-

191 1390 281 1430 tione
309 1398 441 1430 circiter
468 1403 599 1431 centum
629 1404 662 1431 et
691 1399 930 1442 quinquaginta
960 1398 1110 1432 codicum
1146 1397 1306 1430 lectiones
1336 1397 1400 1429 sibi
1431 1400 1618 1439 paraverat,

192 1461 330 1489 munere
352 1466 414 1487 suo
436 1465 503 1487 non
526 1465 577 1495 ea,
601 1466 668 1498 qua
691 1455 843 1495 debebat,
867 1454 1048 1498 diligentia,
1077 1456 1137 1489 sed
1161 1456 1280 1488 audaci
1303 1460 1336 1488 et
1358 1454 1534 1487 temeraria
1555 1453 1618 1484 cri·

192 1513 258 1545 tica
288 1511 480 1545 defunctum
510 1522 604 1553 esse,
636 1514 833 1555 praesertim
864 1524 940 1546 cum
970 1513 1084 1555 optimi
1115 1513 1247 1545 codices
1276 1513 1319 1545 ab
1349 1522 1389 1544 eo
1419 1510 1555 1543 adhibiti
1584 1510 1618 1541 in

192 1568 397 1603 bibliothecis
426 1570 549 1602 exteris
578 1576 773 1610 serventur,
806 1571 852 1603 ita
880 1576 917 1603 ut
947 1570 1126 1603 editoribus
1155 1571 1189 1603 in
1213 1569 1392 1602 Germania
1422 1568 1618 1611 degentibus

191 1637 256 1659 non
278 1625 377 1659 facile
400 1632 543 1669 pateant.
589 1624 665 1663 Qua
687 1627 728 1659 de
750 1637 788 1660 re
810 1628 959 1670 queritur
980 1626 1009 1659 J.
1033 1625 1073 1659 C.
1092 1626 1200 1666 Jahn,
1231 1626 1441 1659 doctissimus
1464 1631 1498 1657 et
1518 1635 1617 1668 saga-

190 1684 344 1717 cissimus
373 1683 532 1717 librorum
556 1682 795 1717 Ovidianoruin
826 1684 932 1716 editor
961 1684 994 1716 in
1017 1684 1188 1726 prooemio
1210 1684 1343 1716 editioni
1372 1691 1454 1715 suae
1483 1682 1618 1715 criticae

191 1743 388 1784 praemisso,
413 1742 527 1783 (Lips.
547 1741 664 1781 1832)
688 1751 829 1784 eamque
850 1741 1021 1784 querelam
1043 1741 1162 1782 repetit
1184 1741 1385 1773 novissimus
1401 1747 1434 1771 et
1456 1740 1498 1771 de
1519 1744 1619 1780 poeta

189 1786 315 1840 *ontime
347 1799 486 1831 meritus
517 1797 624 1830 editor
645 1796 743 1830 Vitus
765 1797 883 1831 Loers.
906 1798 1022 1840 (Lips.
1038 1797 1153 1836 1848.)
1176 1797 1294 1840 Neque
1314 1796 1373 1829 ulli
1395 1796 1619 1839 posteriorum

192 1851 355 1888 editorum
386 1865 463 1888 rara
485 1853 544 1888 illa
573 1861 641 1887 tam
662 1865 805 1898 magnae
827 1861 860 1888 et
889 1855 1046 1898 egregiae
1067 1853 1284 1896 supellectilis
1307 1855 1442 1887 criticae
1463 1855 1498 1887 in
1520 1864 1618 1886 usum

188 1910 300 1945 Ovidii
322 1912 532 1945 adhibendae
554 1913 650 1955 copia
671 1922 789 1945 rursus
810 1912 899 1945 facta
921 1917 982 1945 est.
1027 1911 1123 1944 Multi
1153 1912 1253 1954 igitur
1279 1911 1345 1945 loci
1367 1911 1541 1944 meliorum
1563 1921 1617 1944 co—

188 1968 297 2003 dicum
331 1969 463 2004 medela
491 1976 600 2014 egent.
650 1969 727 2008 Qua
755 1968 866 2004 adhuc
895 1970 1041 2004 destituti
1067 1968 1123 2003 vel
1151 1980 1274 2003 novam
1301 1968 1539 2013 interpretandi
1564 1978 1617 2001 ra·
